@article{wyglinski2016revolutionizing,
  title={Revolutionizing software defined radio: case studies in hardware, software, and education},
  author={Wyglinski, Alexander M and Orofino, Don P and Ettus, Matthew N and Rondeau, Thomas W},
  journal={IEEE Communications magazine},
  volume={54},
  number={1},
  pages={68--75},
  year={2016},
  publisher={IEEE}
}